@comment{bibtex stuff}
@comment{1}
@article{bingham2000distortions,
  title={Distortions in definite distance and shape perception as measured by reaching without and with haptic feedback.},
  author={Bingham, Geoffrey P and Zaal, Frank and Robin, Daniel and Shull, J Alexander},
  journal={Journal of Experimental Psychology: Human Perception and Performance},
  volume={26},
  number={4},
  pages={1436},
  year={2000},
  publisher={American Psychological Association}
}
@comment{2}
@inproceedings{armbruster2005distance,
  title={Distance Estimation in a VR application: interindividual differences and intra-individual stabilities from a psychological point of view},
  author={Armbr{\"u}ster, Claudia and Heber, I and Valvoda, Jakob T and Kuhlen, Torsten and Fimm, Bruno and Spijkers, Will},
  booktitle={Proceedings of the 11th international Conference on Human-Computer Interaction, Las Vegas, USA},
  year={2005}
}
@comment{3}
@article{armbruster2008depth,
  title={Depth perception in virtual reality: distance estimations in peri-and extrapersonal space},
  author={Armbr{\"u}ster, Claudia and Wolter, Marc and Kuhlen, Torsten and Spijkers, Will and Fimm, Bruno},
  journal={Cyberpsychology \& Behavior},
  volume={11},
  number={1},
  pages={9--15},
  year={2008},
  publisher={Mary Ann Liebert, Inc. 140 Huguenot Street, 3rd Floor New Rochelle, NY 10801~â€¦}
}
@comment{4}
@article{bulthoff1988integration,
  title={Integration of depth modules: stereo and shading},
  author={B{\"u}lthoff, Heinrich H and Mallot, Hanspeter A},
  journal={Josa a},
  volume={5},
  number={10},
  pages={1749--1758},
  year={1988},
  publisher={Optical Society of America}
}
@comment{5}
@article{mandal2013brief,
  title={Brief introduction of virtual reality \& its challenges},
  author={Mandal, Sharmistha},
  journal={International Journal of Scientific \& Engineering Research},
  volume={4},
  number={4},
  pages={304--309},
  year={2013},
  publisher={Citeseer}
}
@comment{6}
@article{whyte2007visual,
  title={Visual practices and the objects used in design},
  author={Whyte, Jennifer K and Ewenstein, Boris and Hales, Michael and Tidd, Joe},
  journal={Building Research \& Information},
  volume={35},
  number={1},
  pages={18--27},
  year={2007},
  publisher={Taylor \& Francis}
}
@comment{7}
@article{brooks1992research,
  title={Research directions in virtual environments},
  author={Brooks Jr, Frederick and Marcus Brown, U and Burbeck, Tuscaloosa Chris and Durlach, Nat and Ellis, MIT Steve and Lackner, James and Robinett, Warren and Srinivasan, Mandayam and Sutherland, MIT Ivan and Urban, Dick and others},
  journal={Computer Graphics},
  volume={26},
  number={3},
  pages={153},
  year={1992}
}
@comment{8}
@inproceedings{lampton1995distance,
  title={Distance estimation in virtual environments},
  author={Lampton, Donald R and McDonald, Daniel P and Singer, Michael and Bliss, James P},
  booktitle={Proceedings of the human factors and ergonomics society annual meeting},
  volume={39},
  number={20},
  pages={1268--1272},
  year={1995},
  organization={SAGE Publications Sage CA: Los Angeles, CA}
}
@comment{9}
@article{wegdistance,
  title={Distance Estimation in a VR Application: Interindividual Differences and Intraindividual Stabilities from a Psychological Point of View},
  author={Weg, Seffenter}
}
@comment{10}
@incollection{siegel1975development,
  title={The development of spatial representations of large-scale environments},
  author={Siegel, Alexander W and White, Sheldon H},
  booktitle={Advances in child development and behavior},
  volume={10},
  pages={9--55},
  year={1975},
  publisher={Elsevier}
}
@comment{11,13}
@inproceedings{fraser2000revealing,
  title={Revealing the realities of collaborative virtual reality},
  author={Fraser, Mike and Glover, Tony and Vaghi, Ivan and Benford, Steve and Greenhalgh, Chris and Hindmarsh, Jon and Heath, Christian},
  booktitle={Proceedings of the third international conference on Collaborative virtual environments},
  pages={29--37},
  year={2000},
  organization={ACM}
}
@comment{12}
@incollection{siegel1975development,
  title={The development of spatial representations of large-scale environments},
  author={Siegel, Alexander W and White, Sheldon H},
  booktitle={Advances in child development and behavior},
  volume={10},
  pages={9--55},
  year={1975},
  publisher={Elsevier}
}

@comment{14}
@article{waller1998transfer,
  title={The transfer of spatial knowledge in virtual environment training},
  author={Waller, David and Hunt, Earl and Knapp, David},
  journal={Presence},
  volume={7},
  number={2},
  pages={129--143},
  year={1998},
  publisher={MIT Press}
}
@comment{15}
@inproceedings{lampton1995distance,
  title={Distance estimation in virtual environments},
  author={Lampton, Donald R and McDonald, Daniel P and Singer, Michael and Bliss, James P},
  booktitle={Proceedings of the human factors and ergonomics society annual meeting},
  volume={39},
  number={20},
  pages={1268--1272},
  year={1995},
  organization={SAGE Publications Sage CA: Los Angeles, CA}
}
@comment{16}
@inproceedings{armbruster2005distance,
  title={Distance Estimation in a VR application: interindividual differences and intra-individual stabilities from a psychological point of view},
  author={Armbr{\"u}ster, Claudia and Heber, I and Valvoda, Jakob T and Kuhlen, Torsten and Fimm, Bruno and Spijkers, Will},
  booktitle={Proceedings of the 11th international Conference on Human-Computer Interaction, Las Vegas, USA},
  year={2005}
}
@comment{17}
@inproceedings{laycock2003recent,
  title={Recent developments and applications of haptic devices},
  author={Laycock, Stephen D and Day, AM},
  booktitle={Computer Graphics Forum},
  volume={22},
  number={2},
  pages={117--132},
  year={2003},
  organization={Wiley Online Library}
}
@comment{18}
@article{lombard1997heart,
  title={At the heart of it all: The concept of presence},
  author={Lombard, Matthew and Ditton, Theresa},
  journal={Journal of computer-mediated communication},
  volume={3},
  number={2},
  pages={JCMC321},
  year={1997},
  publisher={Oxford University Press Oxford, UK}
}
@comment{19}
@article{sheridan1992musings,
  title={Musings on telepresence and virtual presence},
  author={Sheridan, Thomas B},
  journal={Presence: Teleoperators \& Virtual Environments},
  volume={1},
  number={1},
  pages={120--126},
  year={1992},
  publisher={MIT Press}
}
@comment{20}
@article{slater1998influence,
  title={The influence of body movement on subjective presence in virtual environments},
  author={Slater, Mel and McCarthy, John and Maringelli, Francesco},
  journal={Human Factors},
  volume={40},
  number={3},
  pages={469--477},
  year={1998},
  publisher={SAGE Publications Sage CA: Los Angeles, CA}
}
@comment{21}
@article{sanchez2005presence,
  title={From presence to consciousness through virtual reality},
  author={Sanchez-Vives, Maria V and Slater, Mel},
  journal={Nature Reviews Neuroscience},
  volume={6},
  number={4},
  pages={332},
  year={2005},
  publisher={Nature Publishing Group}
}
@comment{22}
@techreport{youngblut2003experience,
  title={Experience of presence in virtual environments},
  author={Youngblut, Christine},
  year={2003},
  institution={INSTITUTE FOR DEFENSE ANALYSES ALEXANDRIA VA}
}
@comment{23}
@inproceedings{deniaud2015investigation,
  title={An investigation into physiological responses in driving simulators: An objective measurement of presence},
  author={Deniaud, Christophe and Honnet, Vincent and Jeanne, Benoit and Mestre, Daniel},
  booktitle={2015 Science and Information Conference (SAI)},
  pages={739--748},
  year={2015},
  organization={IEEE}
}
@comment{24}
@article{witmer1998measuring,
  title={Measuring presence in virtual environments: A presence questionnaire},
  author={Witmer, Bob G and Singer, Michael J},
  journal={Presence},
  volume={7},
  number={3},
  pages={225--240},
  year={1998},
  publisher={MIT Press}
}
@comment{25}
@article{slater1997framework,
  title={A framework for immersive virtual environments (FIVE): Speculations on the role of presence in virtual environments},
  author={Slater, Mel and Wilbur, Sylvia},
  journal={Presence: Teleoperators \& Virtual Environments},
  volume={6},
  number={6},
  pages={603--616},
  year={1997},
  publisher={MIT Press}
}
@comment{26}
@article{harth2018different,
  title={Different Types of Users, Different Types of Immersion: A User Study of Interaction Design and Immersion in Consumer Virtual Reality},
  author={Harth, Jonathan and Hofmann, Alexandra and Karst, Mike and Kempf, David and Ostertag, Annelie and Przemus, Isabell and Schaefermeyer, Bernhard},
  journal={IEEE Consumer Electronics Magazine},
  volume={7},
  number={4},
  pages={36--43},
  year={2018},
  publisher={IEEE}
}
@comment{27}
@article{khalid2016optimal,
  title={Optimal latency in collaborative virtual environment to increase user performance: A survey},
  author={Khalid, Shah and Ullah, Sehat and Alam, Aftab and Din, Fakhrud},
  journal={International Journal of Computer Applications},
  volume={142},
  number={3},
  pages={35--47},
  year={2016}
}
@comment{28}
@inproceedings{fraser2000revealing,
  title={Revealing the realities of collaborative virtual reality},
  author={Fraser, Mike and Glover, Tony and Vaghi, Ivan and Benford, Steve and Greenhalgh, Chris and Hindmarsh, Jon and Heath, Christian},
  booktitle={Proceedings of the third international conference on Collaborative virtual environments},
  pages={29--37},
  year={2000},
  organization={ACM}
}

@comment{29}
@article{carlbom1978planar,
  title={Planar geometric projections and viewing transformations},
  author={Carlbom, Ingrid and Paciorek, Joseph},
  journal={ACM Computing Surveys (CSUR)},
  volume={10},
  number={4},
  pages={465--502},
  year={1978},
  publisher={ACM}
}
@comment{30}
@inproceedings{hoffman1998physically,
  title={Physically touching virtual objects using tactile augmentation enhances the realism of virtual environments},
  author={Hoffman, Hunter G},
  booktitle={Proceedings. IEEE 1998 Virtual Reality Annual International Symposium (Cat. No. 98CB36180)},
  pages={59--63},
  year={1998},
  organization={IEEE}
}
@comment{31}
@inproceedings{ruhleder1999meaning,
  title={Meaning-making across remote sites: How delays in transmission affect interaction},
  author={Ruhleder, Karen and Jordan, Brigitte},
  booktitle={ECSCWâ€™99},
  pages={411--429},
  year={1999},
  organization={Springer}
}
@comment{32}
@inproceedings{vaghi1999coping,
  title={Coping with inconsistency due to network delays in collaborative virtual environments},
  author={Vaghi, Ivan and Greenhalgh, Chris and Benford, Steve},
  booktitle={Proceedings of the ACM symposium on Virtual reality software and technology},
  pages={42--49},
  year={1999},
  organization={ACM}
}
@comment{33}
@article{moss2011characteristics,
  title={Characteristics of head-mounted displays and their effects on simulator sickness},
  author={Moss, Jason D and Muth, Eric R},
  journal={Human factors},
  volume={53},
  number={3},
  pages={308--319},
  year={2011},
  publisher={Sage Publications Sage CA: Los Angeles, CA}
}
@comment{34}
@book{reason1975motion,
  title={Motion sickness.},
  author={Reason, James T and Brand, Joseph John},
  year={1975},
  publisher={Academic press}
}
@comment{35}
@article{toet2007effects,
  title={Effects of field-of-view restrictions on speed and accuracy of manoeuvring},
  author={Toet, Alexander and Jansen, Sander EM and Delleman, Nico J},
  journal={Perceptual and motor skills},
  volume={105},
  number={3\_suppl},
  pages={1245--1256},
  year={2007},
  publisher={Sage Publications Sage CA: Los Angeles, CA}
}
@comment{36}
@article{sharples2008virtual,
  title={Virtual reality induced symptoms and effects (VRISE): Comparison of head mounted display (HMD), desktop and projection display systems},
  author={Sharples, Sarah and Cobb, Sue and Moody, Amanda and Wilson, John R},
  journal={Displays},
  volume={29},
  number={2},
  pages={58--69},
  year={2008},
  publisher={Elsevier}
}
@comment{37}
@article{kennedy2000duration,
  title={Duration and exposure to virtual environments: sickness curves during and across sessions},
  author={Kennedy, Robert S and Stanney, Kay M and Dunlap, William P},
  journal={Presence: Teleoperators \& Virtual Environments},
  volume={9},
  number={5},
  pages={463--472},
  year={2000},
  publisher={MIT Press}
}
@comment{38}
@article{wolfe2015communications,
  title={E-Communications Platforms and E-Learning},
  author={Wolfe, Christopher R and Cedillos, Elizabeth M},
  year={2015},
  publisher={Elsevier}
}

@comment{39}
@inproceedings{finnegan2016compensating,
  title={Compensating for distance compression in audiovisual virtual environments using incongruence},
  author={Finnegan, Daniel J and O'Neill, Eamonn and Proulx, Michael J},
  booktitle={Proceedings of the 2016 CHI Conference on Human Factors in Computing Systems},
  pages={200--212},
  year={2016},
  organization={ACM}
}

@comment{40}
@article{renner2013perception,
  title={The perception of egocentric distances in virtual environments-a review},
  author={Renner, Rebekka S and Velichkovsky, Boris M and Helmert, Jens R},
  journal={ACM Computing Surveys (CSUR)},
  volume={46},
  number={2},
  pages={23},
  year={2013},
  publisher={ACM}
}
@comment{41}
@inproceedings{phillips2009distance,
  title={Distance perception in NPR immersive virtual environments, revisited},
  author={Phillips, Lane and Ries, Brian and Interrante, Victoria and Kaeding, Michael and Anderson, Lee},
  booktitle={Proceedings of the 6th Symposium on Applied Perception in Graphics and Visualization},
  pages={11--14},
  year={2009},
  organization={ACM}
}
@comment{42}
@article{napieralski2011near,
  title={Near-field distance perception in real and virtual environments using both verbal and action responses},
  author={Napieralski, Phillip E and Altenhoff, Bliss M and Bertrand, Jeffrey W and Long, Lindsay O and Babu, Sabarish V and Pagano, Christopher C and Kern, Justin and Davis, Timothy A},
  journal={ACM Transactions on Applied Perception (TAP)},
  volume={8},
  number={3},
  pages={18},
  year={2011},
  publisher={ACM}
}
@comment{43}
@article{loomis2003visual,
  title={Visual perception of egocentric distance in real and virtual environments},
  author={Loomis, Jack M and Knapp, Joshua M and others},
  journal={Virtual and adaptive environments},
  volume={11},
  pages={21--46},
  year={2003}
}
@comment{44}
@article{loomis2003visual,
  title={Visual perception of egocentric distance in real and virtual environments},
  author={Loomis, Jack M and Knapp, Joshua M and others},
  journal={Virtual and adaptive environments},
  volume={11},
  pages={21--46},
  year={2003}
}
@comment{45}
@article{thompson2004does,
  title={Does the quality of the computer graphics matter when judging distances in visually immersive environments?},
  author={Thompson, William B and Willemsen, Peter and Gooch, Amy A and Creem-Regehr, Sarah H and Loomis, Jack M and Beall, Andrew C},
  journal={Presence: Teleoperators \& Virtual Environments},
  volume={13},
  number={5},
  pages={560--571},
  year={2004},
  publisher={MIT Press}
}
@comment{46}
@article{loomis2003visual,
  title={Visual perception of egocentric distance in real and virtual environments},
  author={Loomis, Jack M and Knapp, Joshua M and others},
  journal={Virtual and adaptive environments},
  volume={11},
  pages={21--46},
  year={2003}
}
@comment{47}
@article{grechkin2010does,
  title={How does presentation method and measurement protocol affect distance estimation in real and virtual environments?},
  author={Grechkin, Timofey Y and Nguyen, Tien Dat and Plumert, Jodie M and Cremer, James F and Kearney, Joseph K},
  journal={ACM Transactions on Applied Perception (TAP)},
  volume={7},
  number={4},
  pages={26},
  year={2010},
  publisher={ACM}
}
@comment{48}
@inproceedings{willemsen2004effects,
  title={The effects of head-mounted display mechanics on distance judgments in virtual environments},
  author={Willemsen, Peter and Colton, Mark B and Creem-Regehr, Sarah H and Thompson, William B},
  booktitle={Proceedings of the 1st Symposium on Applied perception in graphics and visualization},
  pages={35--38},
  year={2004},
  organization={ACM}
}
@comment{49}
@article{sahm2005throwing,
  title={Throwing versus walking as indicators of distance perception in similar real and virtual environments},
  author={Sahm, Cynthia S and Creem-Regehr, Sarah H and Thompson, William B and Willemsen, Peter},
  journal={ACM Transactions on Applied Perception (TAP)},
  volume={2},
  number={1},
  pages={35--45},
  year={2005},
  publisher={ACM}
}
@comment{50}
@article{plumert2005distance,
  title={Distance perception in real and virtual environments},
  author={Plumert, Jodie M and Kearney, Joseph K and Cremer, James F and Recker, Kara},
  journal={ACM Transactions on Applied Perception (TAP)},
  volume={2},
  number={3},
  pages={216--233},
  year={2005},
  publisher={ACM}
}
@comment{51}
@incollection{cutting1995perceiving,
  title={Perceiving layout and knowing distances: The integration, relative potency, and contextual use of different information about depth},
  author={Cutting, James E and Vishton, Peter M},
  booktitle={Perception of space and motion},
  pages={69--117},
  year={1995},
  publisher={Elsevier}
}
@comment{52}
@inproceedings{singh2010depth,
  title={Depth judgment measures and occluding surfaces in near-field augmented reality},
  author={Singh, Gurjot and Swan II, J Edward and Jones, J Adam and Ellis, Stephen R},
  booktitle={Proceedings of the 7th Symposium on Applied Perception in Graphics and Visualization},
  pages={149--156},
  year={2010},
  organization={ACM}
}
@comment{53}
@article{pagano2008expectation,
  title={Expectation affects verbal judgments but not reaches to visually perceived egocentric distances},
  author={Pagano, Christopher C and Isenhower, Robert W},
  journal={Psychonomic bulletin \& review},
  volume={15},
  number={2},
  pages={437--442},
  year={2008},
  publisher={Springer}
}
@comment{54}
@inproceedings{ziemer2006making,
  title={Making distance judgments in real and virtual environments: does order make a difference?},
  author={Ziemer, Christine and Plumert, Jodie and Cremer, James and Kearney, Joseph},
  booktitle={Proceedings of the 3rd symposium on Applied perception in graphics and visualization},
  pages={153--153},
  year={2006},
  organization={ACM}
}
@comment{55}
@article{niehorster2017accuracy,
  title={The accuracy and precision of position and orientation tracking in the HTC vive virtual reality system for scientific research},
  author={Niehorster, Diederick C and Li, Li and Lappe, Markus},
  journal={i-Perception},
  volume={8},
  number={3},
  pages={2041669517708205},
  year={2017},
  publisher={SAGE Publications Sage UK: London, England}
}
@comment{56}
@inproceedings{borges2018htc,
  title={HTC Vive: Analysis and accuracy improvement},
  author={Borges, Miguel and Symington, Andrew and Coltin, Brian and Smith, Trey and Ventura, Rodrigo},
  booktitle={2018 IEEE/RSJ International Conference on Intelligent Robots and Systems (IROS)},
  pages={2610--2615},
  year={2018},
  organization={IEEE}
}
@comment{57}
@article{schubert2001experience,
  title={The experience of presence: Factor analytic insights},
  author={Schubert, Thomas and Friedmann, Frank and Regenbrecht, Holger},
  journal={Presence: Teleoperators \& Virtual Environments},
  volume={10},
  number={3},
  pages={266--281},
  year={2001},
  publisher={MIT Press}
}
@comment{58}
@article{kennedy1993simulator,
  title={Simulator sickness questionnaire: An enhanced method for quantifying simulator sickness},
  author={Kennedy, Robert S and Lane, Norman E and Berbaum, Kevin S and Lilienthal, Michael G},
  journal={The international journal of aviation psychology},
  volume={3},
  number={3},
  pages={203--220},
  year={1993},
  publisher={Taylor \& Francis}
}


@comment{60}
@inproceedings{willemsen2002perceived,
  title={Perceived egocentric distances in real, image-based, and traditional virtual environments},
  author={Willemsen, Peter and Gooch, Amy A},
  booktitle={Proceedings IEEE Virtual Reality 2002},
  pages={275--276},
  year={2002},
  organization={IEEE}
}
@comment{61}
@article{armbruster2008depth,
  title={Depth perception in virtual reality: distance estimations in peri-and extrapersonal space},
  author={Armbr{\"u}ster, Claudia and Wolter, Marc and Kuhlen, Torsten and Spijkers, Will and Fimm, Bruno},
  journal={Cyberpsychology \& Behavior},
  volume={11},
  number={1},
  pages={9--15},
  year={2008},
  publisher={Mary Ann Liebert, Inc. 140 Huguenot Street, 3rd Floor New Rochelle, NY 10801~â€¦}
}

@comment{62}
@article{napieralski2011near,
  title={Near-field distance perception in real and virtual environments using both verbal and action responses},
  author={Napieralski, Phillip E and Altenhoff, Bliss M and Bertrand, Jeffrey W and Long, Lindsay O and Babu, Sabarish V and Pagano, Christopher C and Kern, Justin and Davis, Timothy A},
  journal={ACM Transactions on Applied Perception (TAP)},
  volume={8},
  number={3},
  pages={18},
  year={2011},
  publisher={ACM}
}
@comment{63}
@inproceedings{peer2017evaluating,
  title={Evaluating perceived distance measures in room-scale spaces using consumer-grade head mounted displays},
  author={Peer, Alex and Ponto, Kevin},
  booktitle={2017 IEEE Symposium on 3D User Interfaces (3DUI)},
  pages={83--86},
  year={2017},
  organization={IEEE}
}
@comment{64}
@inproceedings{interrante2006distance,
  title={Distance perception in immersive virtual environments, revisited},
  author={Interrante, Victoria and Ries, Brian and Anderson, Lee},
  booktitle={IEEE Virtual Reality Conference (VR 2006)},
  pages={3--10},
  year={2006},
  organization={IEEE}
}
@comment{65}
@article{Renner:2013:PED:2543581.2543590,
 author = {Renner, Rebekka S. and Velichkovsky, Boris M. and Helmert, Jens R.},
 title = {The Perception of Egocentric Distances in Virtual Environments - A Review},
 journal = {ACM Comput. Surv.},
 issue_date = {November 2013},
 volume = {46},
 number = {2},
 month = dec,
 year = {2013},
 issn = {0360-0300},
 pages = {23:1--23:40},
 articleno = {23},
 numpages = {40},
 url = {http://doi.acm.org/10.1145/2543581.2543590},
 doi = {10.1145/2543581.2543590},
 acmid = {2543590},
 publisher = {ACM},
 address = {New York, NY, USA},
 keywords = {Depth perception, distance estimation, perception, virtual environments, virtual reality},
} 


